@misc{playn,
  organization={Equipe de Desenvolvimento do PlayN},
  title = "Cross platform game library for N $\ge$ 4 platforms",
  year = "2011",
  url = "\url{http://code.google.com/p/playn/}",
  note = "[Online; acessado em 19 de dezembro de 2011]"
}

@Manual{manual-usuario,
  title = 	 {Guerra das Universidades: Manual do Usuário},
  author = 	 {Pedro Paulo Vezzá Campos and Daniel Moraes Huguenin and 
  Antonio Rui Castro Junior},
  month = 	 {dezembro},
  year = 	 {2011},
  address =  {São Paulo - SP},
}

@Manual{compilacao-execucao,
  title = 	 {Guerra das Universidades: Instruções de Compilação e Execução},
  author = 	 {Pedro Paulo Vezzá Campos and Daniel Moraes Huguenin and 
  Antonio Rui Castro Junior},
  month = 	 {dezembro},
  year = 	 {2011},
  address =  {São Paulo - SP},
}

@book{gof-design-patterns,
    author = {Gamma, Erich and Helm, Richard and Johnson, Ralph and Vlissides, John},
    day = {10},
    edition = {1},
    howpublished = {Hardcover},
    isbn = {0201633612},
    keywords = {design, development, pattern, software},
    month = nov,
    posted-at = {2007-03-30 12:18:30},
    priority = {2},
    publisher = {Addison-Wesley Professional},
    title = {Design Patterns: Elements of Reusable {Object-Oriented} Software},
    url = {http://www.worldcat.org/isbn/0201633612},
    year = {1994}
}

@techreport{reenskaug-mvc,
  author = {Reenskaug, Trygve},
  institution = {Technical Note, Xerox Parc},
  interhash = {c781ecf7af2ae6615128e18ed07be292},
  intrahash = {e13e6268c66386b90009941e6a723d22},
  title = {Models - Views - Controllers},
  url = {http://heim.ifi.uio.no/~trygver/themes/mvc/mvc-index.html},
  year = 1979,
  timestamp = {2007-11-13T18:38:50.000+0100},
  keywords = {controller gui model mvc view},
  added-at = {2007-11-13T18:38:50.000+0100},
  description = {Origin of the MVC Pattern},
  biburl = {http://www.bibsonomy.org/bibtex/2e13e6268c66386b90009941e6a723d22/juve}
}

@Article{meyer-design-by-contract,
  author    = {Bertrand Meyer},
  title     = {Applying "Design by Contract"},
  journal   = {IEEE Computer},
  volume    = {25},
  number    = {10},
  year      = {1992},
  pages     = {40-51},
}
