@Misc{caelum:apostila,
  author = 	 "Caelum",
  title = 	 "FJ-11: Java e Orienta\c{c}\~ao a Objetos",
  url = "\url{http://www.caelum.com.br/download/caelum-java-objetos-fj11.pdf}",
  note = "Acesso em 15 de novembro de 2011",
}

@misc{ oracle:nested-classes,
    author = "Oracle",
    title = "Nested Classes",
    url = "\url{http://docs.oracle.com/javase/tutorial/java/javaOO/nested.html}",
    note = "Acesso em 15 de novembro de 2011",
}

@misc{ carlos:classes-internas,
    author = "Carlos Santiago",
    title = "Escrevendo Classes Internas com JAVA",
    url = "\url{http://www.de9.ime.eb.br/~madeira/teaching/labprog2/classes_internas.pdf}",
    note = "Acesso em 15 de novembro de 2011",
}

@misc{ tony:inner-classes,
    author = "Tony Sintes",
    title = "Inner classes",
    url = "\url{http://www.javaworld.com/javaworld/javaqa/2000-03/02-qa-innerclass.html?page=2}",
    note = "Acesso em 15 de novembro de 2011",
}

@misc{ jon:differences-csharp-java,
    author = "Jon Skeet",
    title = "What are major differences between C\# and Java?",
    url = "\url{http://stackoverflow.com/questions/295224/what-are-major-differences-between-c-sharp-and-java}",
    note = "Acesso em 15 de novembro de 2011",
}

@misc{ frank:java-csharp-comparison,
    author = "Frank McCown",
    title = "Java and C\# Comparison",
    url = "\url{http://www.harding.edu/fmccown/java_csharp_comparison.html}",
    note = "Acesso em 15 de novembro de 2011",
}

